
@article{naamELISA,
	title={Enzyme immunoassay (EIA)/enzyme-linked immunosorbent assay (ELISA)},
	author={Lequin, Rudolf M},
	journal={Clinical chemistry},
	volume={51},
	number={12},
	pages={2415--2418},
	year={2005},
	publisher={Clinical Chemistry}
}


@misc{LabX, 
	author = {LabX},
	title = {Microplate Dispensers Listings},
	howpublished = {\href{https://www.labx.com/microplate-dispensers/page/1?pageSize=24&fbclid=IwAR1vqE7yX9W8ng_TKwlqX1YQJZWTI-eQb4o4DjcdBEMZm2ue6rASyzd4RiE}{https://www.labx.com/microplate-dispensers/}}	  
}


@unpublished{BioSPX,
	author = {BioSPX},
	title = {Informatie verkregen via medewerker BioSPX},
	date = {5/12/2019},
	
}



@article{ELISAApplications,
	title={Practical Skills in Biomolecular Sciences 4th Edition Pdf},
	author={Reed, Rob and Holmes, David and Weyers, Jonathan and Jones, Allan}
}

@misc{AfbeeldingdirectELISA,
	author = {Jason Kelly},
	date = {Bezocht op 5/12/2019},
	howpublished = {\href{http://jasonkellyphoto.co/direct-elisa/}{http://jasonkellyphoto.co}}
}

@article{soortenELISA1,
	title={Purification and biochemical characterization of polygalacturonase II produced in semi-solid medium by a strain of Fusarium moniliforme},
	author={Niture, Suryakant K and Pant, Aditi},
	journal={Microbiological Research},
	volume={159},
	number={3},
	pages={322--328},
	year={2004},
	publisher={Elsevier}
}

@article{soortenELISA2	,
	title={Methods in Molecular Biology, Vol. 42-ELISA: Theory and Practice},
	author={Crowther, John R},
	journal={Methods in Molecular Biology},
	year={1995}
}

@article{soortenELISA3,
	title={A laboratory manual},
	author={Harlow, ED and Lane, David and others},
	journal={New York: Cold Spring Harbor Laboratory},
	volume={579},
	pages={553--612},
	year={1988}
}

